@Online{Fib,
  title =   {{Fibonacci} number},
  author =  {{Wikipedia}},
  urldate = {2016-01-11},
  url =     {https://en.wikipedia.org/wiki/Fibonacci_number}
}
