@article{Breaklines,	author = {Donald E. Knuth and Michael F. Plass},	title = {Breaking Paragraphs into Lines},	journal = {Software---Practice and Experience},	volume = 11,	year 	= 1981,	pages = {1119-1184}
}

@book{TeX-book,	author = {Donald E. Knuth},	title = {The {\TeX}book},	publisher = {Addison-Wesley},	year = 1984,	isbn = "0-201-03801-3"
}