%% This BibTeX bibliography file was created using BibDesk.
%% http://bibdesk.sourceforge.net/
%% Created for Rikesh Chauhan at 2016-08-16 17:45:53 +0200 
%% Saved with string encoding Unicode (UTF-8) 

%***************************************************   URLs  *************************************************** 

@misc{ldo_ti_pmos,
  author = 	 {Brian M. King},
  title = 	 {Advantages of using PMOS-type low-dropout inear regulators in battery applications},
  journal = 	 {Texas Instruments Analog Applications Journal: Power Management},
  year = 	 {2000},
  OPTkey = 	 {},
  OPTvolume = 	 {},
  OPTnumber = 	 {},
  OPTpages = 	 {},
  month = 	 {Aug},
  note = 	 {Retrived from: \url{http://www.ti.com/sc/docs/apps/msp/journal/aug2000/aug_04.pdf}},
  OPTannote = 	 {}
}

@misc{ldo_ti_pssr,
  author = 	 {John C. Teel},
  title = 	 {Understanding power supply ripple rejection in linear regulators},
  journal = 	 {Texas Instruments Analog Applications Journal: Power Management},
  year = 	 {2005},
  OPTkey = 	 {},
  OPTvolume = 	 {},
  OPTnumber = 	 {},
  OPTpages = 	 {},
  month = 	 {},
  note = 	 {Retrived from: \url{http://www.ti.com/lit/an/slyt202/slyt202.pdf}},
  OPTannote = 	 {}
}


@misc{ldo_ti_stability,
  author = 	 {Everett Rogers},
  title = 	 {Stability analysis of low-dropout linear regulators with a PMOS pass element},
  journal = 	 {Texas Instruments Analog Applications Journal: Power Management},
  year = 	 {1999},
  OPTkey = 	 {},
  OPTvolume = 	 {},
  OPTnumber = 	 {},
  OPTpages = 	 {},
  OPTmonth = 	 {Aug},
  note = 	 {Retrived from: \url{http://www.ti.com/lit/an/slyt194/slyt194.pdf}},
  OPTannote = 	 {}
}


@misc{ldo_psu,
  author = 	 {Ian Poole},
  title = 	 {PSU | Linear Power Supply, Radio-electronics.com},
  %Month = {Sept},
  %year = 	 {2012},
  note = 	 {Retrived from: \url{http://www.radio-electronics.com/info/power-management/linear-power-supply-psu/basics-tutorial.php} },
  %note = 	 {Accessed: 13-Aug-2016}
  }
  
  @misc{wpt_qi_ian,
  author = 	 {Ian Poole},
  title = 	 {Qi Wireless Charging Standard},
  %Month = {},
  %year = 	 {},
  note = 	 {Retrived from: \url{http://www.radio-electronics.com/info/power-management/wireless-inductive-battery-charging/qi-wireless-charging-standard.php} },
  %note = 	 {Accessed: 13-Aug-2016}
  }

@misc{wpt_a4wp_ian,
  author = 	 {Ian Poole},
  title = 	 {A4WP Wireless Charging Tutorial},
  %Month = {},
  %year = 	 {},
  note = 	 {Retrived from: \url{http://www.radio-electronics.com/info/power-management/wireless-inductive-battery-charging/a4wp-wireless-charging.php} },
  %note = 	 {Accessed: 13-Aug-2016}
  }

  
  @misc{iot_intro,
  author = 	 {Lopez Research},
  title = 	 {An Introduction to the Internet of Things (IOT)},
  Month = {Nov},
  year = 	 {2013},
  note = 	 {Retrived from: \url{http://www.cisco.com/c/dam/en_us/solutions/trends/iot/introduction_to_IoT_november.pdf} },
  %note = 	 {Accessed: 10-June-2017}
  }

@misc{merge_a4wp_pma,
  author = 	 {Rich McCormick},
  title = 	 {Former wireless charging rivals join forces as new AirFuel Alliance},
  Month = {Nov},
  year = 	 {2015},
  note = 	 {Retrived from: \url{https://www.theverge.com/2015/11/3/9666960/airfuel-alliance-formed-a4wp-pma-wireless-charging} },
  %note = 	 {Accessed: 13-June-2017}
  }
  
  @misc{airfuel,
  author = 	 {},
  title = 	 {},
  Month = {},
  year = 	 {},
  note = 	 {Retrived from: \url{https://www.airfuel.org} },
  %note = 	 {Accessed: 13-June-2017}
  }
  
  @misc{wpt_qi,
  author = 	 {},
  title = 	 {},
  Month = {},
  year = 	 {},
  note = 	 {Retrived from: \url{https://www.wirelesspowerconsortium.com/developers/specification.html} },
  %note = 	 {Accessed: 13-June-2017}
  }



%***************************************************   articles  *************************************************** 

@article{rectcomp,
	Author = {H. M. Lee and M. Ghovanloo},
	Date-Added = {2016-08-02 11:50:04 +0000},
	Date-Modified = {2016-08-02 11:50:32 +0000},
	Doi = {10.1109/TCSI.2010.2103172},
	Issn = {1549-8328},
	Journal = {IEEE Transactions on Circuits and Systems I: Regular Papers},
	Month = {Aug},
	Number = {8},
	Pages = {1749-1760},
	Title = {An Integrated Power-Efficient Active Rectifier With Offset-Controlled High Speed Comparators for Inductively Powered Applications},
	Volume = {58},
	Year = {2011},
	Bdsk-Url-1 = {http://dx.doi.org/10.1109/TCSI.2010.2103172}}


@article{rectrcc,
	Author = {Y. H. Lam and W. H. Ki and C. Y. Tsui},
	Date-Added = {2016-08-02 11:46:54 +0000},
	Date-Modified = {2016-08-02 11:47:11 +0000},
	Doi = {10.1109/TCSII.2006.885400},
	Issn = {1549-7747},
	Journal = {IEEE Transactions on Circuits and Systems II: Express Briefs},
	Month = {Dec},
	Number = {12},
	Pages = {1378-1382},
	Title = {Integrated Low-Loss CMOS Active Rectifier for Wirelessly Powered Devices},
	Volume = {53},
	Year = {2006},
	Bdsk-Url-1 = {http://dx.doi.org/10.1109/TCSII.2006.885400}}


@article{rectboot,
	Author = {S. S. Hashemi and M. Sawan and Y. Savaria},
	Date-Added = {2016-07-28 12:07:18 +0000},
	Date-Modified = {2016-08-02 11:43:04 +0000},
	Doi = {10.1109/TBCAS.2011.2177267},
	Issn = {1932-4545},
	Journal = {IEEE Transactions on Biomedical Circuits and Systems},
	Month = {Aug},
	Number = {4},
	Pages = {326-335},
	Title = {A High-Efficiency Low-Voltage CMOS Rectifier for Harvesting Energy in Implantable Devices},
	Volume = {6},
	Year = {2012},
	Bdsk-Url-1 = {http://dx.doi.org/10.1109/TBCAS.2011.2177267}}


@article{rectsize,
	Author = {Bawa, Gaurav and Ghovanloo, Maysam},
	Date-Modified = {2016-08-03 12:00:30 +0000},
	Doi = {10.1007/s10470-008-9204-7},
	Issn = {1573-1979},
	Journal = {Analog Integrated Circuits and Signal Processing},
	Number = {1},
	Pages = {71--81},
	Title = {Analysis, design, and implementation of a high-efficiency full-wave rectifier in standard CMOS technology},
	Volume = {60},
	Year = {2009},
	Bdsk-Url-1 = {http://dx.doi.org/10.1007/s10470-008-9204-7},
}


@article{ldo_bulkmod,
author={K. Keikhosravy and S. Mirabbasi},
journal={IEEE Transactions on Circuits and Systems I: Regular Papers},
title={A 0.13-um CMOS Low-Power Capacitor-Less LDO Regulator Using Bulk-Modulation Technique},
year={2014},
volume={61},
number={11},
pages={3105-3114},
doi={10.1109/TCSI.2014.2334831},
ISSN={1549-8328},
month={Nov},
}


@ARTICLE{ldo_quiescent,
author={G. A. Rincon-Mora and P. E. Allen},
journal={IEEE Journal of Solid-State Circuits},
title={A low-voltage, low quiescent current, low drop-out regulator},
year={1998},
volume={33},
number={1},
pages={36-44},
doi={10.1109/4.654935},
ISSN={0018-9200},
month={Jan},}

@ARTICLE{ant_optimal_resonance, 
author={R. F. Xue and K. W. Cheng and M. Je}, 
journal={IEEE Transactions on Circuits and Systems I: Regular Papers}, 
title={High-Efficiency Wireless Power Transfer for Biomedical Implants by Optimal Resonant Load Transformation}, 
year={2013}, 
volume={60}, 
number={4}, 
pages={867-874}, 
keywords={biological tissues;inductive power transmission;prosthetic power supplies;radiofrequency power transmission;safety;surface mount technology;batch production;biocompatible;biomedical implant power;biomedical implants;chip inductor component;discrete surface mount components;ferromagnetic core;high-efficiency wireless power transfer technique;implantable coil;optimal resonant load transformation;planar integration;power carrier frequency;power transfer efficiency;power transfer efficiency maximization;printed spiral coils;tissue environment;Coils;Couplings;Electrical resistance measurement;Implants;Loading;Resonant frequency;Wireless communication;Implantable biomedical devices;inductive power transmission;load transformation;resonant coupling;wireless power transfer}, 
doi={10.1109/TCSI.2012.2209297}, 
ISSN={1549-8328}, 
month={April},}

@ARTICLE{ant_inductance_calculation,
author={S. S. Mohan and M. del Mar Hershenson and S. P. Boyd and T. H. Lee},
journal={IEEE Journal of Solid-State Circuits},
title={Simple accurate expressions for planar spiral inductances},
year={1999},
volume={34},
number={10},
pages={1419-1424},
keywords={CMOS analogue integrated circuits;UHF integrated circuits;equivalent circuits;inductance;inductors;integrated circuit design;3D field solver predictions;DC inductance;accurate expressions;circular spiral type;hexagonal type;inductor design;inductor optimization;octagonal type;planar spiral inductors;square type;Bonding;CMOS analog integrated circuits;Capacitors;Inductance measurement;Inductors;Integrated circuit modeling;Resistors;Semiconductor device modeling;Spirals;Wires},
doi={10.1109/4.792620},
ISSN={0018-9200},
month={Oct},}

@ARTICLE{ant_PSC_geometry,
author={U. M. Jow and M. Ghovanloo},
journal={IEEE Transactions on Biomedical Circuits and Systems},
title={Design and Optimization of Printed Spiral Coils for Efficient Transcutaneous Inductive Power Transmission},
year={2007},
volume={1},
number={3},
pages={193-202},
keywords={biomedical electronics;biomedical telemetry;coils;inductive power transmission;prosthetics;heating dissipation;implantable microelectronic devices;inductive wireless links;micromachining technology;power transmission efficiency;printed circuit boards;printed spiral coils;telemetry;transcutaneous inductive power transmission;Brain computer interfaces;Coils;Design methodology;Design optimization;Inductive power transmission;Micromachining;Neural prosthesis;Power transmission;Spirals;Visual prosthesis;Coupling coefficient;implantable microelectronic devices;inductive wireless links;neuroprostheses;power transmission efficiency;telemetry},
doi={10.1109/TBCAS.2007.913130},
ISSN={1932-4545},
month={Sept},
}

@ARTICLE{wpt_fund_std, 
author={X. Lu and P. Wang and D. Niyato and D. I. Kim and Z. Han}, 
journal={IEEE Communications Surveys Tutorials}, 
title={Wireless Charging Technologies: Fundamentals, Standards, and Network Applications}, 
year={2016}, 
volume={18}, 
number={2}, 
pages={1413-1452}, 
keywords={air gaps;inductive power transmission;radiofrequency power transmission;scheduling;secondary cells;air gap;electrical device;energy bottleneck;energy replenishment;mobile charger dispatch strategy;portable battery-powered device;power management;power transmission;static charger scheduling strategy;wireless charger deployment strategy;wireless charging technology;wireless communication system;Couplings;Energy harvesting;Inductive charging;Microwave theory and techniques;Radio frequency;Wireless communication;Wireless sensor networks;A4WP;Magnetic MIMO;PMA;Qi;RF/Microwave radiation;Wireless Charging;Wireless charging;Witricity;energy beamforming;energy harvesting;inductive coupling;resonance coupling;simultaneous wireless information and power transfer (SWIPT);wireless power transfer;wireless powered communication network (WPCN)}, 
doi={10.1109/COMST.2015.2499783}, 
ISSN={1553-877X}, 
month={Secondquarter},
}

@ARTICLE{wpt_cpt, 
author={M. P. Theodoridis}, 
journal={IEEE Transactions on Power Electronics}, 
title={Effective Capacitive Power Transfer}, 
year={2012}, 
volume={27}, 
number={12}, 
pages={4906-4913}, 
keywords={capacitor switching;power systems;CPT system;capacitance 100 pF;capacitive power transfer system;frequency 1 MHz;interface capacitance;interface frequency;low-impedance load;power delivery;power throughput;switching device rating;Capacitance;Capacitors;Integrated circuits;Magnetic cores;Power generation;Robots;Topology;Capacitive power transfer (CPT);contactless charging;contactless power transfer}, 
doi={10.1109/TPEL.2012.2192502}, 
ISSN={0885-8993}, 
month={Dec},}

@INPROCEEDINGS{ant_SZ_formula,
author={M. Drakaki and A. A. Hatzopoulos and S. Siskos},
booktitle={2007 IEEE International Symposium on Circuits and Systems},
title={CMOS Inductor Performance Estimation using Z- and S-parameters},
year={2007},
pages={2256-2259},
keywords={S-parameters;equivalent circuits;inductors;CMOS inductor performance estimation;RF CMOS inductors;S-parameters;Z-parameters;CMOS technology;Differential equations;Electrical resistance measurement;Inductors;Integrated circuit measurements;Parameter extraction;Q factor;Radio frequency;Scattering parameters;Semiconductor device modeling},
doi={10.1109/ISCAS.2007.378732},
ISSN={0271-4302},
month={May},
}

@INPROCEEDINGS{review_energy_harvest,
author = {Mateu, Loreto and Moll, Francesc},
year = {2005},
month = {06},
%doi={10.1.1.467.3190}, % not found
pages = {},
title = {Review of energy harvesting techniques and applications for Microelectronics},
volume = {5837},
booktitle = {Proceedings of SPIE - The International Society for Optical Engineering}
}

@ARTICLE{wpt_mutliple_device_charging, 
author={B. L. Cannon and J. F. Hoburg and D. D. Stancil and S. C. Goldstein}, 
journal={IEEE Transactions on Power Electronics}, 
title={Magnetic Resonant Coupling As a Potential Means for Wireless Power Transfer to Multiple Small Receivers}, 
year={2009}, 
volume={24}, 
number={7}, 
pages={1819-1825}, 
keywords={inductive power transmission;circuit models;load coil;magnetic resonant coupling;multiple receiver system;resonant frequency splitting;source coil;transfer frequency responses;wireless power transfer;Capacitance;Capacitors;Coils;Coupling circuits;Frequency measurement;Magnetic resonance;Power supplies;Power system modeling;RLC circuits;Resonant frequency;Microrobotics;resonant coupling;swarm robotics;wireless power}, 
doi={10.1109/TPEL.2009.2017195}, 
ISSN={0885-8993}, 
month={July},
}

@ARTICLE{wpt_witricity, 
author={S. L. Ho and J. Wang and W. N. Fu and M. Sun}, 
journal={IEEE Transactions on Magnetics}, 
title={A Comparative Study Between Novel Witricity and Traditional Inductive Magnetic Coupling in Wireless Charging}, 
year={2011}, 
volume={47}, 
number={5}, 
pages={1522-1525}, 
keywords={battery chargers;finite element analysis;inductive power transmission;magnetic devices;power transformers;resonators;FEA;Witricity magnetic coupling;coils;finite element analysis;implant devices;magnetic inductive coupling energy transmission devices;nonradiative energy transfer;nonradiative energy transformer;resonant frequency;resonant-field evanescent tails;resonator;wireless charging;wireless energy transfer;Coils;Couplings;Magnetic resonance;Magnetic separation;Receivers;Wireless communication;Inductive magnetic coupling;resonant wireless energy transfer;strong coupling;witricity}, 
doi={10.1109/TMAG.2010.2091495}, 
ISSN={0018-9464}, 
month={May},
}

@article{power_density,
author={Drayson Technologies Limited},
journal={},
title={RF Energy Harvesting for the Low Energy Internet of Things},
year={2015},
volume={},
number={},
pages={7},
doi={},
ISSN={},
month={},
}

@ARTICLE{mobile_performance, 
author={J. A. Paradiso and T. Starner}, 
journal={IEEE Pervasive Computing}, 
title={Energy scavenging for mobile and wireless electronics}, 
year={2005}, 
volume={4}, 
number={1}, 
pages={18-27}, 
keywords={electric power generation;energy management systems;low-power electronics;mobile computing;renewable energy sources;thermoelectric conversion;wireless sensor networks;battery-powered electronics;energy harvesting;low-power electronics;mobile electronics;power management;renewable energy resources;sensor networks;water wheel;windmill;Analog-digital conversion;Battery management systems;Clocks;Design optimization;Energy management;Humans;Power system management;Renewable energy resources;Voltage;Wireless sensor networks;energy scavenging;human-powered systems;low-power electronics;parasitic power;power harvesting;ubiquitous computing sensors}, 
doi={10.1109/MPRV.2005.9}, 
ISSN={1536-1268}, 
month={Jan},}


%***************************************************   BOOK  *************************************************** 

@book{rfid_2010,
 author = {Finkenzeller, Klaus},
 title = {RFID Handbook: Fundamentals and Applications in Contactless Smart Cards, Radio Frequency Identification and Near-Field Communication},
 year = {2010},
 %doi = {10.1002/9780470665121},
 isbn = {9780470665121},
 edition = {3rd},
 publisher = {John Wiley \& Sons Ltd},
} 

@book{baker_2010,
 author = {Baker, R. Jacob},
 title = {CMOS Circuit Design, Layout, and Simulation},
 year = {2010},
 isbn = {0470881321, 9780470881323},
 edition = {3rd},
 publisher = {Wiley-IEEE Press},
} 


@book{razavi_2001,
 author = {Razavi, Behzad},
 title = {Design of Analog CMOS Integrated Circuits},
 year = {2001},
 isbn = {0072380322, 9780072380323},
 edition = {1},
 publisher = {McGraw-Hill, Inc.},
 address = {New York, NY, USA},
} 


@book{johns_2012,
  title={Analog integrated circuit design},
  author={Johns, David A and Martin, Ken},
  edition = {2E},
  year={2012},
  isbn = {978-1-118-09233-0},
  publisher={John Wiley \& Sons}
}


@book{gray_2009,
 author = {Gray, Paul R. and Hurst, Paul J. and Lewis, Stephen H. and Meyer, Robert G.},
 title = {Analysis and Design of Analog Integrated Circuits},
 year = {2009},
 isbn = {978-0-470-24599-6},
 edition = {5th},
 publisher = {Wiley Publishing},
 address = {New York, NY, USA},
} 

@book{rabaey_2009,
 author = {Rabaey, Jan},
 title = {Low Power Design Essentials},
 year = {2009},
 doi={10.1007/978-0-387-71713-5},
 isbn = {0387717129,  9780387717128},
 edition = {1st},
 chapter = {3,5,8,10},
 publisher = {Springer Publishing Company, Incorporated},
} 
