%% This BibTeX bibliography file was created using BibDesk.
%% http://bibdesk.sourceforge.net/

%% Created for Rikesh Chauhan at 2016-07-28 14:34:38 +0200 


%% Saved with string encoding Unicode (UTF-8) 



@article{rectcomp,
	Author = {S. S. Hashemi and M. Sawan and Y. Savaria},
	Date-Added = {2016-07-28 12:07:18 +0000},
	Date-Modified = {2016-07-28 12:33:58 +0000},
	Doi = {10.1109/TBCAS.2011.2177267},
	Issn = {1932-4545},
	Journal = {IEEE Transactions on Biomedical Circuits and Systems},
	Keywords = {CMOS integrated circuits;biomedical equipment;capacitors;energy harvesting;leakage currents;rectifiers;transistors;bootstrapped capacitor;channel on-resistance;energy harvesting;full-wave CMOS rectifier;gate cross-coupled-based structure;high-efficiency low-voltage CMOS rectifier;implantable device;leakage current;load current;low voltage-drop;low-voltage power supply;rectifier topology;selected MOS switch;size 0.18 mum;standard TSMC 0.18 Î¼m CMOS process;transconductance;transistor;voltage 3.3 V;wirelessly-powered low-voltage biomedical implant;CMOS process;Capacitors;Logic gates;MOSFETs;Threshold voltage;Topology;Bioelectronics;bootstrapping technique;implantable devices;low-voltage devices;power efficiency;rectifiers;Biomedical Engineering;Computers;Electric Capacitance;Electric Power Supplies;Electronics;Equipment Design;Humans;Prostheses and Implants;Signal Processing, Computer-Assisted;Transistors, Electronic;Wireless Technology},
	Month = {Aug},
	Number = {4},
	Pages = {326-335},
	Title = {A High-Efficiency Low-Voltage CMOS Rectifier for Harvesting Energy in Implantable Devices},
	Volume = {6},
	Year = {2012},
	Bdsk-Url-1 = {http://dx.doi.org/10.1109/TBCAS.2011.2177267}}
